%YAML 1.1
%TAG !u! tag:unity3d.com,2011:
--- !u!114 &-7982843628050072398
MonoBehaviour:
  m_ObjectHideFlags: 0
  m_CorrespondingSourceObject: {fileID: 0}
  m_PrefabInstance: {fileID: 0}
  m_PrefabAsset: {fileID: 0}
  m_GameObject: {fileID: 0}
  m_Enabled: 1
  m_EditorHideFlags: 0
  m_Script: {fileID: 11500000, guid: a127588da19ceec4ab1fd93fb384c923, type: 3}
  m_Name: Project.SkillSystem.SkillInfoNode
  m_EditorClassIdentifier: 
  isExpanded: 0
  guid: dba246fbe672d8d469f5cdc7e737a551
  position: {x: -135, y: 60.000004}
  executionPorts: []
  dataPorts:
  - outputs: []
  - outputs: []
  - outputs: []
  - outputs: []
  - outputs:
    - guid: 7f8625cf77e92504b88299c083d8f1a4
      index: 0
  - outputs: []
  - outputs: []
  - outputs: []
  - outputs: []
  - outputs: []
  - outputs: []
  - outputs: []
  - outputs: []
  - outputs: []
  - outputs: []
  - outputs: []
  - outputs: []
  - outputs: []
  - outputs: []
  - outputs: []
  - outputs: []
  - outputs: []
  - outputs: []
  isRoot: 0
--- !u!114 &-6600189475799658125
MonoBehaviour:
  m_ObjectHideFlags: 0
  m_CorrespondingSourceObject: {fileID: 0}
  m_PrefabInstance: {fileID: 0}
  m_PrefabAsset: {fileID: 0}
  m_GameObject: {fileID: 0}
  m_Enabled: 1
  m_EditorHideFlags: 0
  m_Script: {fileID: 11500000, guid: 7703889d2393e294c96a4a24a789c8ac, type: 3}
  m_Name: Project.SkillSystem.GetCharacterInfo
  m_EditorClassIdentifier: 
  isExpanded: 0
  guid: fcdb9acf1586c3d44b82c72110c9f249
  position: {x: 1178.9103, y: -148.68094}
  executionPorts:
  - outputs:
    - guid: 5f63d6dad6e9ca24194b6cb580fa74f9
      index: 0
  dataPorts:
  - outputs: []
  - outputs:
    - guid: 5f63d6dad6e9ca24194b6cb580fa74f9
      index: 0
  - outputs: []
  - outputs:
    - guid: 5f63d6dad6e9ca24194b6cb580fa74f9
      index: 3
  - outputs: []
  - outputs: []
  - outputs: []
  isRoot: 0
--- !u!114 &-2802382208809562044
MonoBehaviour:
  m_ObjectHideFlags: 0
  m_CorrespondingSourceObject: {fileID: 0}
  m_PrefabInstance: {fileID: 0}
  m_PrefabAsset: {fileID: 0}
  m_GameObject: {fileID: 0}
  m_Enabled: 1
  m_EditorHideFlags: 0
  m_Script: {fileID: 11500000, guid: 0897d6a64aabedd44969fede317d4ce0, type: 3}
  m_Name: Project.SkillSystem.WaitNode
  m_EditorClassIdentifier: 
  isExpanded: 1
  guid: 7f8625cf77e92504b88299c083d8f1a4
  position: {x: 38.529526, y: -17.64753}
  executionPorts:
  - outputs:
    - guid: 95d965994304f654787485139e1123e2
      index: 0
  dataPorts: []
  isRoot: 0
  duration: 0
--- !u!114 &-1192513416141504761
MonoBehaviour:
  m_ObjectHideFlags: 0
  m_CorrespondingSourceObject: {fileID: 0}
  m_PrefabInstance: {fileID: 0}
  m_PrefabAsset: {fileID: 0}
  m_GameObject: {fileID: 0}
  m_Enabled: 1
  m_EditorHideFlags: 0
  m_Script: {fileID: 11500000, guid: a331724f92d36ec40919e3021dc7e539, type: 3}
  m_Name: Project.SkillSystem.IfNode
  m_EditorClassIdentifier: 
  isExpanded: 1
  guid: fbd35b50e6a65f140932ad8c437b65e0
  position: {x: 999.9103, y: -172.68094}
  executionPorts:
  - outputs:
    - guid: fcdb9acf1586c3d44b82c72110c9f249
      index: 0
  - outputs: []
  dataPorts: []
  isRoot: 0
--- !u!114 &-1034181307395219285
MonoBehaviour:
  m_ObjectHideFlags: 0
  m_CorrespondingSourceObject: {fileID: 0}
  m_PrefabInstance: {fileID: 0}
  m_PrefabAsset: {fileID: 0}
  m_GameObject: {fileID: 0}
  m_Enabled: 1
  m_EditorHideFlags: 0
  m_Script: {fileID: 11500000, guid: 610a3079f5afc1f4eb3e4cfc200affd8, type: 3}
  m_Name: Project.SkillSystem.SendDamageEventNode
  m_EditorClassIdentifier: 
  isExpanded: 1
  guid: 5f63d6dad6e9ca24194b6cb580fa74f9
  position: {x: 1480.9103, y: -54.680916}
  executionPorts: []
  dataPorts: []
  isRoot: 0
--- !u!114 &-875156045954651929
MonoBehaviour:
  m_ObjectHideFlags: 0
  m_CorrespondingSourceObject: {fileID: 0}
  m_PrefabInstance: {fileID: 0}
  m_PrefabAsset: {fileID: 0}
  m_GameObject: {fileID: 0}
  m_Enabled: 1
  m_EditorHideFlags: 0
  m_Script: {fileID: 11500000, guid: a127588da19ceec4ab1fd93fb384c923, type: 3}
  m_Name: Project.SkillSystem.SkillInfoNode
  m_EditorClassIdentifier: 
  isExpanded: 0
  guid: 7796bcb822095214db2c0a055944856e
  position: {x: 550, y: 69}
  executionPorts: []
  dataPorts:
  - outputs: []
  - outputs: []
  - outputs: []
  - outputs: []
  - outputs: []
  - outputs: []
  - outputs: []
  - outputs: []
  - outputs: []
  - outputs: []
  - outputs:
    - guid: 9017fa03d4a7932459d7cb43c209dd76
      index: 2
  - outputs: []
  - outputs: []
  - outputs: []
  - outputs: []
  - outputs: []
  - outputs: []
  - outputs: []
  - outputs:
    - guid: 9017fa03d4a7932459d7cb43c209dd76
      index: 1
  - outputs: []
  - outputs: []
  - outputs: []
  - outputs: []
  isRoot: 0
--- !u!114 &-241940572683595614
MonoBehaviour:
  m_ObjectHideFlags: 0
  m_CorrespondingSourceObject: {fileID: 0}
  m_PrefabInstance: {fileID: 0}
  m_PrefabAsset: {fileID: 0}
  m_GameObject: {fileID: 0}
  m_Enabled: 1
  m_EditorHideFlags: 0
  m_Script: {fileID: 11500000, guid: a127588da19ceec4ab1fd93fb384c923, type: 3}
  m_Name: Project.SkillSystem.SkillInfoNode
  m_EditorClassIdentifier: 
  isExpanded: 0
  guid: d12368fc0559a3141b9c3131c9323c2c
  position: {x: 1263.9103, y: -10.680916}
  executionPorts: []
  dataPorts:
  - outputs:
    - guid: 5f63d6dad6e9ca24194b6cb580fa74f9
      index: 2
  - outputs: []
  - outputs: []
  - outputs: []
  - outputs: []
  - outputs: []
  - outputs: []
  - outputs: []
  - outputs: []
  - outputs: []
  - outputs: []
  - outputs: []
  - outputs: []
  - outputs: []
  - outputs: []
  - outputs: []
  - outputs: []
  - outputs: []
  - outputs:
    - guid: 5f63d6dad6e9ca24194b6cb580fa74f9
      index: 1
  - outputs: []
  - outputs: []
  - outputs: []
  - outputs: []
  isRoot: 0
--- !u!114 &11400000
MonoBehaviour:
  m_ObjectHideFlags: 0
  m_CorrespondingSourceObject: {fileID: 0}
  m_PrefabInstance: {fileID: 0}
  m_PrefabAsset: {fileID: 0}
  m_GameObject: {fileID: 0}
  m_Enabled: 1
  m_EditorHideFlags: 0
  m_Script: {fileID: 11500000, guid: d3e00f4d70df6214b9d887b7279a2834, type: 3}
  m_Name: SkillTree_BasicAttack
  m_EditorClassIdentifier: 
  nodes:
  - {fileID: -7982843628050072398}
  - {fileID: 754868558576947073}
  - {fileID: 43644979224234412}
  - {fileID: -2802382208809562044}
  - {fileID: 3201934024131229905}
  - {fileID: 1467479864650339778}
  - {fileID: -875156045954651929}
  - {fileID: -1034181307395219285}
  - {fileID: -241940572683595614}
  - {fileID: -1192513416141504761}
  - {fileID: -6600189475799658125}
--- !u!114 &43644979224234412
MonoBehaviour:
  m_ObjectHideFlags: 0
  m_CorrespondingSourceObject: {fileID: 0}
  m_PrefabInstance: {fileID: 0}
  m_PrefabAsset: {fileID: 0}
  m_GameObject: {fileID: 0}
  m_Enabled: 1
  m_EditorHideFlags: 0
  m_Script: {fileID: 11500000, guid: a1f485d7360f18f46a40523d61d6a84a, type: 3}
  m_Name: Project.SkillSystem.PlayAnimationNode
  m_EditorClassIdentifier: 
  isExpanded: 1
  guid: 51b629708a0c0e04e900719f6653516e
  position: {x: -240.47049, y: -32.647552}
  executionPorts:
  - outputs:
    - guid: 7f8625cf77e92504b88299c083d8f1a4
      index: 0
  dataPorts: []
  isRoot: 1
  animationName: BeginCast
--- !u!114 &754868558576947073
MonoBehaviour:
  m_ObjectHideFlags: 0
  m_CorrespondingSourceObject: {fileID: 0}
  m_PrefabInstance: {fileID: 0}
  m_PrefabAsset: {fileID: 0}
  m_GameObject: {fileID: 0}
  m_Enabled: 1
  m_EditorHideFlags: 0
  m_Script: {fileID: 11500000, guid: 78b96e1114e0b34438abbc317ad5a115, type: 3}
  m_Name: Project.SkillSystem.GetEntitiesAtPosition
  m_EditorClassIdentifier: 
  isExpanded: 1
  guid: 9017fa03d4a7932459d7cb43c209dd76
  position: {x: 745.1891, y: -17.999996}
  executionPorts:
  - outputs:
    - guid: fbd35b50e6a65f140932ad8c437b65e0
      index: 0
  dataPorts:
  - outputs:
    - guid: 5f63d6dad6e9ca24194b6cb580fa74f9
      index: 4
  - outputs:
    - guid: fbd35b50e6a65f140932ad8c437b65e0
      index: 0
  isRoot: 0
--- !u!114 &1467479864650339778
MonoBehaviour:
  m_ObjectHideFlags: 0
  m_CorrespondingSourceObject: {fileID: 0}
  m_PrefabInstance: {fileID: 0}
  m_PrefabAsset: {fileID: 0}
  m_GameObject: {fileID: 0}
  m_Enabled: 1
  m_EditorHideFlags: 0
  m_Script: {fileID: 11500000, guid: 7703889d2393e294c96a4a24a789c8ac, type: 3}
  m_Name: Project.SkillSystem.GetCharacterInfo
  m_EditorClassIdentifier: 
  isExpanded: 0
  guid: 20a90aff1dbaa184297e72ff421cf3cf
  position: {x: 484.99994, y: -23.00562}
  executionPorts:
  - outputs:
    - guid: 9017fa03d4a7932459d7cb43c209dd76
      index: 0
  dataPorts:
  - outputs: []
  - outputs:
    - guid: 9017fa03d4a7932459d7cb43c209dd76
      index: 0
  - outputs: []
  - outputs: []
  - outputs: []
  - outputs: []
  - outputs: []
  isRoot: 0
--- !u!114 &3201934024131229905
MonoBehaviour:
  m_ObjectHideFlags: 0
  m_CorrespondingSourceObject: {fileID: 0}
  m_PrefabInstance: {fileID: 0}
  m_PrefabAsset: {fileID: 0}
  m_GameObject: {fileID: 0}
  m_Enabled: 1
  m_EditorHideFlags: 0
  m_Script: {fileID: 11500000, guid: a1f485d7360f18f46a40523d61d6a84a, type: 3}
  m_Name: Project.SkillSystem.PlayAnimationNode
  m_EditorClassIdentifier: 
  isExpanded: 1
  guid: 95d965994304f654787485139e1123e2
  position: {x: 218.52951, y: -17.64753}
  executionPorts:
  - outputs:
    - guid: 20a90aff1dbaa184297e72ff421cf3cf
      index: 0
  dataPorts: []
  isRoot: 0
  animationName: BasicAttack_1
