%YAML 1.1
%TAG !u! tag:unity3d.com,2011:
--- !u!114 &-7913014640995126752
MonoBehaviour:
  m_ObjectHideFlags: 0
  m_CorrespondingSourceObject: {fileID: 0}
  m_PrefabInstance: {fileID: 0}
  m_PrefabAsset: {fileID: 0}
  m_GameObject: {fileID: 0}
  m_Enabled: 1
  m_EditorHideFlags: 0
  m_Script: {fileID: 11500000, guid: 78b96e1114e0b34438abbc317ad5a115, type: 3}
  m_Name: Project.SkillSystem.GetEntitiesAtPosition
  m_EditorClassIdentifier: 
  isExpanded: 1
  guid: 88707f1ca5dadf147a3e0b09fd6f1e89
  position: {x: 922.46967, y: -124.156525}
  executionPorts:
  - outputs:
    - guid: 6136d0311d2aaf94fbe3a29a3a16de35
      index: 0
    - guid: 58a5ecf90faae9b4b8166c83488ad07b
      index: 0
  dataPorts:
  - outputs:
    - guid: f71a8711f09fa694cbbdef7c484541d2
      index: 4
  - outputs:
    - guid: 6136d0311d2aaf94fbe3a29a3a16de35
      index: 0
  isRoot: 0
--- !u!114 &-7652594854350399567
MonoBehaviour:
  m_ObjectHideFlags: 0
  m_CorrespondingSourceObject: {fileID: 0}
  m_PrefabInstance: {fileID: 0}
  m_PrefabAsset: {fileID: 0}
  m_GameObject: {fileID: 0}
  m_Enabled: 1
  m_EditorHideFlags: 0
  m_Script: {fileID: 11500000, guid: 0897d6a64aabedd44969fede317d4ce0, type: 3}
  m_Name: Project.SkillSystem.WaitNode
  m_EditorClassIdentifier: 
  isExpanded: 1
  guid: f32ec05f205fb4f43adf07fe4855b94e
  position: {x: 699.9999, y: -284.0113}
  executionPorts:
  - outputs:
    - guid: 88707f1ca5dadf147a3e0b09fd6f1e89
      index: 0
  dataPorts: []
  isRoot: 0
  duration: 0
--- !u!114 &-7519175493274354462
MonoBehaviour:
  m_ObjectHideFlags: 0
  m_CorrespondingSourceObject: {fileID: 0}
  m_PrefabInstance: {fileID: 0}
  m_PrefabAsset: {fileID: 0}
  m_GameObject: {fileID: 0}
  m_Enabled: 1
  m_EditorHideFlags: 0
  m_Script: {fileID: 11500000, guid: 4da97365442f27947ac329982113262f, type: 3}
  m_Name: Project.SkillSystem.RotationNode
  m_EditorClassIdentifier: 
  isExpanded: 1
  guid: 7eb6600cc27e3b743a40faa8a91fec75
  position: {x: 241.00563, y: -73.99999}
  executionPorts: []
  dataPorts:
  - outputs:
    - guid: 7ec941e7c78857a46989d4aff6f6e713
      index: 2
  isRoot: 0
  value: {x: 0, y: 0, z: 0}
--- !u!114 &-4484167843792336669
MonoBehaviour:
  m_ObjectHideFlags: 0
  m_CorrespondingSourceObject: {fileID: 0}
  m_PrefabInstance: {fileID: 0}
  m_PrefabAsset: {fileID: 0}
  m_GameObject: {fileID: 0}
  m_Enabled: 1
  m_EditorHideFlags: 0
  m_Script: {fileID: 11500000, guid: 7703889d2393e294c96a4a24a789c8ac, type: 3}
  m_Name: Project.SkillSystem.GetCharacterInfo
  m_EditorClassIdentifier: 
  isExpanded: 0
  guid: c85154db142d4654289798b51ac4316d
  position: {x: 1520.6792, y: -177.15656}
  executionPorts:
  - outputs:
    - guid: f71a8711f09fa694cbbdef7c484541d2
      index: 0
  dataPorts:
  - outputs: []
  - outputs: []
  - outputs: []
  - outputs:
    - guid: f71a8711f09fa694cbbdef7c484541d2
      index: 3
  - outputs: []
  - outputs: []
  - outputs: []
  isRoot: 0
--- !u!114 &-3363138674202812947
MonoBehaviour:
  m_ObjectHideFlags: 0
  m_CorrespondingSourceObject: {fileID: 0}
  m_PrefabInstance: {fileID: 0}
  m_PrefabAsset: {fileID: 0}
  m_GameObject: {fileID: 0}
  m_Enabled: 1
  m_EditorHideFlags: 0
  m_Script: {fileID: 11500000, guid: 610a3079f5afc1f4eb3e4cfc200affd8, type: 3}
  m_Name: Project.SkillSystem.SendDamageEventNode
  m_EditorClassIdentifier: 
  isExpanded: 1
  guid: f71a8711f09fa694cbbdef7c484541d2
  position: {x: 1807.3356, y: -89.06239}
  executionPorts: []
  dataPorts: []
  isRoot: 0
--- !u!114 &-2845857833781284768
MonoBehaviour:
  m_ObjectHideFlags: 0
  m_CorrespondingSourceObject: {fileID: 0}
  m_PrefabInstance: {fileID: 0}
  m_PrefabAsset: {fileID: 0}
  m_GameObject: {fileID: 0}
  m_Enabled: 1
  m_EditorHideFlags: 0
  m_Script: {fileID: 11500000, guid: 871f988b5f696b34da4649850692dd77, type: 3}
  m_Name: Project.SkillSystem.SubGraphNode
  m_EditorClassIdentifier: 
  isExpanded: 1
  guid: c1b48acb11ad74c49a429a27228482fc
  position: {x: 12.384429, y: -202.50195}
  executionPorts:
  - outputs:
    - guid: 31ccf7fe34150b94389804125a2db193
      index: 0
  dataPorts: []
  isRoot: 1
  targetTree: {fileID: 11400000, guid: c1de6fd92e01b674484e9b906607c6dc, type: 2}
--- !u!114 &-2777601272120127363
MonoBehaviour:
  m_ObjectHideFlags: 0
  m_CorrespondingSourceObject: {fileID: 0}
  m_PrefabInstance: {fileID: 0}
  m_PrefabAsset: {fileID: 0}
  m_GameObject: {fileID: 0}
  m_Enabled: 1
  m_EditorHideFlags: 0
  m_Script: {fileID: 11500000, guid: a127588da19ceec4ab1fd93fb384c923, type: 3}
  m_Name: Project.SkillSystem.SkillInfoNode
  m_EditorClassIdentifier: 
  isExpanded: 0
  guid: e3263d4cc2092e141b4dd1c58ce2dd55
  position: {x: 289.99997, y: 0.0000076293945}
  executionPorts: []
  dataPorts:
  - outputs: []
  - outputs: []
  - outputs: []
  - outputs: []
  - outputs: []
  - outputs: []
  - outputs: []
  - outputs: []
  - outputs: []
  - outputs: []
  - outputs: []
  - outputs:
    - guid: 7ec941e7c78857a46989d4aff6f6e713
      index: 0
  - outputs: []
  - outputs: []
  - outputs: []
  - outputs: []
  - outputs: []
  - outputs: []
  - outputs: []
  - outputs: []
  - outputs: []
  - outputs: []
  - outputs: []
  isRoot: 0
--- !u!114 &-549005922417429182
MonoBehaviour:
  m_ObjectHideFlags: 0
  m_CorrespondingSourceObject: {fileID: 0}
  m_PrefabInstance: {fileID: 0}
  m_PrefabAsset: {fileID: 0}
  m_GameObject: {fileID: 0}
  m_Enabled: 1
  m_EditorHideFlags: 0
  m_Script: {fileID: 11500000, guid: 469b661fd4c6b0f4983fd00b3f35d9cb, type: 3}
  m_Name: Project.SkillSystem.GetTransformInfo
  m_EditorClassIdentifier: 
  isExpanded: 0
  guid: b0db55dadd0be1b4d81990ea1fb541c6
  position: {x: 733.07935, y: 55.00001}
  executionPorts: []
  dataPorts:
  - outputs:
    - guid: 88707f1ca5dadf147a3e0b09fd6f1e89
      index: 0
    - guid: f71a8711f09fa694cbbdef7c484541d2
      index: 0
  - outputs: []
  - outputs: []
  isRoot: 0
--- !u!114 &11400000
MonoBehaviour:
  m_ObjectHideFlags: 0
  m_CorrespondingSourceObject: {fileID: 0}
  m_PrefabInstance: {fileID: 0}
  m_PrefabAsset: {fileID: 0}
  m_GameObject: {fileID: 0}
  m_Enabled: 1
  m_EditorHideFlags: 0
  m_Script: {fileID: 11500000, guid: d3e00f4d70df6214b9d887b7279a2834, type: 3}
  m_Name: SkillTree_TargetSkill
  m_EditorClassIdentifier: 
  nodes:
  - {fileID: -2845857833781284768}
  - {fileID: 4651997298095861774}
  - {fileID: 8362091118398741761}
  - {fileID: 2865809828533093976}
  - {fileID: -2777601272120127363}
  - {fileID: -7652594854350399567}
  - {fileID: -549005922417429182}
  - {fileID: -7913014640995126752}
  - {fileID: 7203464303848392315}
  - {fileID: -3363138674202812947}
  - {fileID: 5067423203374626751}
  - {fileID: -4484167843792336669}
  - {fileID: 1170893663860113392}
  - {fileID: 7444163445334198449}
  - {fileID: -7519175493274354462}
--- !u!114 &1170893663860113392
MonoBehaviour:
  m_ObjectHideFlags: 0
  m_CorrespondingSourceObject: {fileID: 0}
  m_PrefabInstance: {fileID: 0}
  m_PrefabAsset: {fileID: 0}
  m_GameObject: {fileID: 0}
  m_Enabled: 1
  m_EditorHideFlags: 0
  m_Script: {fileID: 11500000, guid: a331724f92d36ec40919e3021dc7e539, type: 3}
  m_Name: Project.SkillSystem.IfNode
  m_EditorClassIdentifier: 
  isExpanded: 1
  guid: 6136d0311d2aaf94fbe3a29a3a16de35
  position: {x: 1241.7589, y: -178.41982}
  executionPorts:
  - outputs:
    - guid: c85154db142d4654289798b51ac4316d
      index: 0
  - outputs: []
  dataPorts: []
  isRoot: 0
--- !u!114 &2865809828533093976
MonoBehaviour:
  m_ObjectHideFlags: 0
  m_CorrespondingSourceObject: {fileID: 0}
  m_PrefabInstance: {fileID: 0}
  m_PrefabAsset: {fileID: 0}
  m_GameObject: {fileID: 0}
  m_Enabled: 1
  m_EditorHideFlags: 0
  m_Script: {fileID: 11500000, guid: a908f8e0f6ea3d04cac97e531f95efaf, type: 3}
  m_Name: Project.SkillSystem.SpawnObjectNode
  m_EditorClassIdentifier: 
  isExpanded: 1
  guid: 7ec941e7c78857a46989d4aff6f6e713
  position: {x: 474.9043, y: -204.4696}
  executionPorts:
  - outputs:
    - guid: f32ec05f205fb4f43adf07fe4855b94e
      index: 0
  dataPorts:
  - outputs:
    - guid: b0db55dadd0be1b4d81990ea1fb541c6
      index: 0
    - guid: 58a5ecf90faae9b4b8166c83488ad07b
      index: 0
  isRoot: 0
--- !u!114 &4651997298095861774
MonoBehaviour:
  m_ObjectHideFlags: 0
  m_CorrespondingSourceObject: {fileID: 0}
  m_PrefabInstance: {fileID: 0}
  m_PrefabAsset: {fileID: 0}
  m_GameObject: {fileID: 0}
  m_Enabled: 1
  m_EditorHideFlags: 0
  m_Script: {fileID: 11500000, guid: e0b501ab10a95654cbd6eebed67b5013, type: 3}
  m_Name: Project.SkillSystem.StringNode
  m_EditorClassIdentifier: 
  isExpanded: 1
  guid: 844e920f471f6eb489bb4543f8892866
  position: {x: -168.74869, y: -176.52956}
  executionPorts: []
  dataPorts:
  - outputs:
    - guid: c1b48acb11ad74c49a429a27228482fc
      index: 0
  isRoot: 0
  value: RangedAttack
--- !u!114 &5067423203374626751
MonoBehaviour:
  m_ObjectHideFlags: 0
  m_CorrespondingSourceObject: {fileID: 0}
  m_PrefabInstance: {fileID: 0}
  m_PrefabAsset: {fileID: 0}
  m_GameObject: {fileID: 0}
  m_Enabled: 1
  m_EditorHideFlags: 0
  m_Script: {fileID: 11500000, guid: 7457a52dbb978a741b9a4601428dd8e0, type: 3}
  m_Name: Project.SkillSystem.DestroyNode
  m_EditorClassIdentifier: 
  isExpanded: 1
  guid: 58a5ecf90faae9b4b8166c83488ad07b
  position: {x: 1239.2991, y: -294.3201}
  executionPorts:
  - outputs: []
  dataPorts: []
  isRoot: 0
--- !u!114 &7203464303848392315
MonoBehaviour:
  m_ObjectHideFlags: 0
  m_CorrespondingSourceObject: {fileID: 0}
  m_PrefabInstance: {fileID: 0}
  m_PrefabAsset: {fileID: 0}
  m_GameObject: {fileID: 0}
  m_Enabled: 1
  m_EditorHideFlags: 0
  m_Script: {fileID: 11500000, guid: a127588da19ceec4ab1fd93fb384c923, type: 3}
  m_Name: Project.SkillSystem.SkillInfoNode
  m_EditorClassIdentifier: 
  isExpanded: 0
  guid: e93b9c6fa7228aa4f82718614b784cd6
  position: {x: 743.9999, y: -76}
  executionPorts: []
  dataPorts:
  - outputs: []
  - outputs: []
  - outputs: []
  - outputs: []
  - outputs: []
  - outputs: []
  - outputs: []
  - outputs: []
  - outputs: []
  - outputs: []
  - outputs:
    - guid: 88707f1ca5dadf147a3e0b09fd6f1e89
      index: 2
  - outputs: []
  - outputs: []
  - outputs: []
  - outputs: []
  - outputs: []
  - outputs: []
  - outputs: []
  - outputs:
    - guid: 88707f1ca5dadf147a3e0b09fd6f1e89
      index: 1
  - outputs: []
  - outputs: []
  - outputs: []
  - outputs: []
  isRoot: 0
--- !u!114 &7444163445334198449
MonoBehaviour:
  m_ObjectHideFlags: 0
  m_CorrespondingSourceObject: {fileID: 0}
  m_PrefabInstance: {fileID: 0}
  m_PrefabAsset: {fileID: 0}
  m_GameObject: {fileID: 0}
  m_Enabled: 1
  m_EditorHideFlags: 0
  m_Script: {fileID: 11500000, guid: a127588da19ceec4ab1fd93fb384c923, type: 3}
  m_Name: Project.SkillSystem.SkillInfoNode
  m_EditorClassIdentifier: 
  isExpanded: 0
  guid: 4e17d80038e26634a8f23d1fc6ce73ab
  position: {x: 1608.8966, y: -38.52244}
  executionPorts: []
  dataPorts:
  - outputs:
    - guid: f71a8711f09fa694cbbdef7c484541d2
      index: 2
  - outputs: []
  - outputs: []
  - outputs: []
  - outputs: []
  - outputs: []
  - outputs: []
  - outputs: []
  - outputs: []
  - outputs: []
  - outputs: []
  - outputs: []
  - outputs: []
  - outputs: []
  - outputs: []
  - outputs: []
  - outputs: []
  - outputs: []
  - outputs:
    - guid: f71a8711f09fa694cbbdef7c484541d2
      index: 1
  - outputs: []
  - outputs: []
  - outputs: []
  - outputs: []
  isRoot: 0
--- !u!114 &8362091118398741761
MonoBehaviour:
  m_ObjectHideFlags: 0
  m_CorrespondingSourceObject: {fileID: 0}
  m_PrefabInstance: {fileID: 0}
  m_PrefabAsset: {fileID: 0}
  m_GameObject: {fileID: 0}
  m_Enabled: 1
  m_EditorHideFlags: 0
  m_Script: {fileID: 11500000, guid: 98c84d14344703e4b858364fd5d6379e, type: 3}
  m_Name: Project.SkillSystem.GetCursorPosition
  m_EditorClassIdentifier: 
  isExpanded: 1
  guid: 31ccf7fe34150b94389804125a2db193
  position: {x: 251.00002, y: -202.34006}
  executionPorts:
  - outputs:
    - guid: 7ec941e7c78857a46989d4aff6f6e713
      index: 0
  dataPorts:
  - outputs:
    - guid: 7ec941e7c78857a46989d4aff6f6e713
      index: 1
  isRoot: 0
