%YAML 1.1
%TAG !u! tag:unity3d.com,2011:
--- !u!114 &-7942846964755063513
MonoBehaviour:
  m_ObjectHideFlags: 0
  m_CorrespondingSourceObject: {fileID: 0}
  m_PrefabInstance: {fileID: 0}
  m_PrefabAsset: {fileID: 0}
  m_GameObject: {fileID: 0}
  m_Enabled: 1
  m_EditorHideFlags: 0
  m_Script: {fileID: 11500000, guid: 7703889d2393e294c96a4a24a789c8ac, type: 3}
  m_Name: Project.SkillSystem.GetCharacterInfo
  m_EditorClassIdentifier: 
  isExpanded: 0
  guid: ab1208bbd35159343a8a21a126907f23
  position: {x: -869.99005, y: 174.04985}
  executionPorts:
  - outputs:
    - guid: 4624811eafb33c9479e05b6e48bd7f32
      index: 0
  dataPorts:
  - outputs: []
  - outputs: []
  - outputs: []
  - outputs: []
  - outputs:
    - guid: 4624811eafb33c9479e05b6e48bd7f32
      index: 1
  - outputs: []
  - outputs: []
  isRoot: 0
--- !u!114 &-5916413663522264371
MonoBehaviour:
  m_ObjectHideFlags: 0
  m_CorrespondingSourceObject: {fileID: 0}
  m_PrefabInstance: {fileID: 0}
  m_PrefabAsset: {fileID: 0}
  m_GameObject: {fileID: 0}
  m_Enabled: 1
  m_EditorHideFlags: 0
  m_Script: {fileID: 11500000, guid: a127588da19ceec4ab1fd93fb384c923, type: 3}
  m_Name: Project.SkillSystem.SkillInfoNode
  m_EditorClassIdentifier: 
  isExpanded: 0
  guid: 6901ac7ead82c1e42bd621fc133d9e6f
  position: {x: -765, y: 464.99936}
  executionPorts: []
  dataPorts:
  - outputs: []
  - outputs: []
  - outputs: []
  - outputs: []
  - outputs: []
  - outputs: []
  - outputs: []
  - outputs: []
  - outputs: []
  - outputs: []
  - outputs:
    - guid: a5400ed7b13de0f44b5de580f6a4efa1
      index: 2
  - outputs: []
  - outputs: []
  - outputs:
    - guid: 4624811eafb33c9479e05b6e48bd7f32
      index: 2
  - outputs: []
  - outputs: []
  - outputs: []
  - outputs: []
  - outputs:
    - guid: a5400ed7b13de0f44b5de580f6a4efa1
      index: 1
  - outputs: []
  - outputs: []
  - outputs: []
  - outputs: []
  isRoot: 0
--- !u!114 &-2761098181039731722
MonoBehaviour:
  m_ObjectHideFlags: 0
  m_CorrespondingSourceObject: {fileID: 0}
  m_PrefabInstance: {fileID: 0}
  m_PrefabAsset: {fileID: 0}
  m_GameObject: {fileID: 0}
  m_Enabled: 1
  m_EditorHideFlags: 0
  m_Script: {fileID: 11500000, guid: 78b96e1114e0b34438abbc317ad5a115, type: 3}
  m_Name: Project.SkillSystem.GetEntitiesAtPosition
  m_EditorClassIdentifier: 
  isExpanded: 1
  guid: a5400ed7b13de0f44b5de580f6a4efa1
  position: {x: -206.70393, y: 256.2513}
  executionPorts:
  - outputs:
    - guid: dbb1c5d1dd190034e87ba691021653fa
      index: 0
  dataPorts:
  - outputs:
    - guid: 63cc1ba4c9ce0784488cd88fe544221c
      index: 4
  - outputs:
    - guid: dbb1c5d1dd190034e87ba691021653fa
      index: 0
  isRoot: 0
--- !u!114 &-2164575802297326174
MonoBehaviour:
  m_ObjectHideFlags: 0
  m_CorrespondingSourceObject: {fileID: 0}
  m_PrefabInstance: {fileID: 0}
  m_PrefabAsset: {fileID: 0}
  m_GameObject: {fileID: 0}
  m_Enabled: 1
  m_EditorHideFlags: 0
  m_Script: {fileID: 11500000, guid: 7457a52dbb978a741b9a4601428dd8e0, type: 3}
  m_Name: Project.SkillSystem.DestroyNode
  m_EditorClassIdentifier: 
  isExpanded: 1
  guid: a844e934a12cf3b4a820473768c04be9
  position: {x: -194.00003, y: -14.188843}
  executionPorts:
  - outputs:
    - guid: 58c0f900ff3085c45bcc34a502afc89e
      index: 0
  dataPorts: []
  isRoot: 0
--- !u!114 &-1747046018227253188
MonoBehaviour:
  m_ObjectHideFlags: 0
  m_CorrespondingSourceObject: {fileID: 0}
  m_PrefabInstance: {fileID: 0}
  m_PrefabAsset: {fileID: 0}
  m_GameObject: {fileID: 0}
  m_Enabled: 1
  m_EditorHideFlags: 0
  m_Script: {fileID: 11500000, guid: 231adae1f395f6844a6b985fc0cd8741, type: 3}
  m_Name: Project.SkillSystem.SendDamageEventOnceNode
  m_EditorClassIdentifier: 
  isExpanded: 1
  guid: 63cc1ba4c9ce0784488cd88fe544221c
  position: {x: 550.4863, y: 429.15652}
  executionPorts: []
  dataPorts: []
  isRoot: 0
--- !u!114 &-907690980426816778
MonoBehaviour:
  m_ObjectHideFlags: 0
  m_CorrespondingSourceObject: {fileID: 0}
  m_PrefabInstance: {fileID: 0}
  m_PrefabAsset: {fileID: 0}
  m_GameObject: {fileID: 0}
  m_Enabled: 1
  m_EditorHideFlags: 0
  m_Script: {fileID: 11500000, guid: 06205c7c1cfd07c458161d52ae7206c6, type: 3}
  m_Name: Project.SkillSystem.NullCheckNode
  m_EditorClassIdentifier: 
  isExpanded: 1
  guid: 9048562a321ed6244870f3326f8100b0
  position: {x: -2079.0005, y: 242.84349}
  executionPorts:
  - outputs:
    - guid: 64990b440cf99c24caea56d4b170c2fe
      index: 0
  - outputs: []
  dataPorts: []
  isRoot: 1
--- !u!114 &-152218094290500118
MonoBehaviour:
  m_ObjectHideFlags: 0
  m_CorrespondingSourceObject: {fileID: 0}
  m_PrefabInstance: {fileID: 0}
  m_PrefabAsset: {fileID: 0}
  m_GameObject: {fileID: 0}
  m_Enabled: 1
  m_EditorHideFlags: 0
  m_Script: {fileID: 11500000, guid: 03ec819657b4f3d46b509b1a76f229e5, type: 3}
  m_Name: Project.SkillSystem.AddVectorNode
  m_EditorClassIdentifier: 
  isExpanded: 1
  guid: ce8b0ddb60b0d834082fe727fb1d3123
  position: {x: -1506.99, y: 437.04987}
  executionPorts:
  - outputs: []
  dataPorts:
  - outputs:
    - guid: 8934d86264c268e4eac4405a3d031539
      index: 1
  isRoot: 0
--- !u!114 &-98047015296079723
MonoBehaviour:
  m_ObjectHideFlags: 0
  m_CorrespondingSourceObject: {fileID: 0}
  m_PrefabInstance: {fileID: 0}
  m_PrefabAsset: {fileID: 0}
  m_GameObject: {fileID: 0}
  m_Enabled: 1
  m_EditorHideFlags: 0
  m_Script: {fileID: 11500000, guid: a331724f92d36ec40919e3021dc7e539, type: 3}
  m_Name: Project.SkillSystem.IfNode
  m_EditorClassIdentifier: 
  isExpanded: 1
  guid: dbb1c5d1dd190034e87ba691021653fa
  position: {x: 30.878387, y: 240.9651}
  executionPorts:
  - outputs:
    - guid: ece2be59b3248ea499a9fa5b1e84c614
      index: 0
  - outputs: []
  dataPorts: []
  isRoot: 0
--- !u!114 &11400000
MonoBehaviour:
  m_ObjectHideFlags: 0
  m_CorrespondingSourceObject: {fileID: 0}
  m_PrefabInstance: {fileID: 0}
  m_PrefabAsset: {fileID: 0}
  m_GameObject: {fileID: 0}
  m_Enabled: 1
  m_EditorHideFlags: 0
  m_Script: {fileID: 11500000, guid: fe7b6c56ac9053f43a3e02ac62c8bcd4, type: 3}
  m_Name: SubTree_SpawnMoveDamageDestroyOriginal
  m_EditorClassIdentifier: 
  nodes:
  - {fileID: 2799903215538481155}
  - {fileID: 2501003912628348408}
  - {fileID: 4751747016654500330}
  - {fileID: -907690980426816778}
  - {fileID: -7942846964755063513}
  - {fileID: -1747046018227253188}
  - {fileID: -5916413663522264371}
  - {fileID: 2269875936162205641}
  - {fileID: -2761098181039731722}
  - {fileID: -98047015296079723}
  - {fileID: 1483626202899250494}
  - {fileID: -2164575802297326174}
  - {fileID: -152218094290500118}
  - {fileID: 3390131476263771337}
  - {fileID: 2288190466765460565}
  - {fileID: 4466467715660866730}
  - {fileID: 4628843685479163072}
--- !u!114 &1483626202899250494
MonoBehaviour:
  m_ObjectHideFlags: 0
  m_CorrespondingSourceObject: {fileID: 0}
  m_PrefabInstance: {fileID: 0}
  m_PrefabAsset: {fileID: 0}
  m_GameObject: {fileID: 0}
  m_Enabled: 1
  m_EditorHideFlags: 0
  m_Script: {fileID: 11500000, guid: 7703889d2393e294c96a4a24a789c8ac, type: 3}
  m_Name: Project.SkillSystem.GetCharacterInfo
  m_EditorClassIdentifier: 
  isExpanded: 0
  guid: ece2be59b3248ea499a9fa5b1e84c614
  position: {x: 218.8784, y: 237.96512}
  executionPorts:
  - outputs:
    - guid: 63cc1ba4c9ce0784488cd88fe544221c
      index: 0
  dataPorts:
  - outputs: []
  - outputs: []
  - outputs: []
  - outputs:
    - guid: 63cc1ba4c9ce0784488cd88fe544221c
      index: 3
  - outputs: []
  - outputs: []
  - outputs: []
  isRoot: 0
--- !u!114 &2269875936162205641
MonoBehaviour:
  m_ObjectHideFlags: 0
  m_CorrespondingSourceObject: {fileID: 0}
  m_PrefabInstance: {fileID: 0}
  m_PrefabAsset: {fileID: 0}
  m_GameObject: {fileID: 0}
  m_Enabled: 1
  m_EditorHideFlags: 0
  m_Script: {fileID: 11500000, guid: 89bd5634e553a664c82f6df00d1e09dd, type: 3}
  m_Name: Project.SkillSystem.LerpToTargetNode
  m_EditorClassIdentifier: 
  isExpanded: 1
  guid: 4624811eafb33c9479e05b6e48bd7f32
  position: {x: -581.08673, y: 288.00003}
  executionPorts:
  - outputs:
    - guid: a844e934a12cf3b4a820473768c04be9
      index: 0
  - outputs:
    - guid: a5400ed7b13de0f44b5de580f6a4efa1
      index: 0
  dataPorts:
  - outputs:
    - guid: 63cc1ba4c9ce0784488cd88fe544221c
      index: 0
    - guid: a844e934a12cf3b4a820473768c04be9
      index: 0
    - guid: a5400ed7b13de0f44b5de580f6a4efa1
      index: 0
  isRoot: 0
  speed: 0
--- !u!114 &2288190466765460565
MonoBehaviour:
  m_ObjectHideFlags: 0
  m_CorrespondingSourceObject: {fileID: 0}
  m_PrefabInstance: {fileID: 0}
  m_PrefabAsset: {fileID: 0}
  m_GameObject: {fileID: 0}
  m_Enabled: 1
  m_EditorHideFlags: 0
  m_Script: {fileID: 11500000, guid: b63666c01b46ec9408b8f1ae346f25fe, type: 3}
  m_Name: Project.SkillSystem.LerpPositionNode
  m_EditorClassIdentifier: 
  isExpanded: 1
  guid: 8934d86264c268e4eac4405a3d031539
  position: {x: -1332.99, y: 168.04987}
  executionPorts:
  - outputs:
    - guid: ab1208bbd35159343a8a21a126907f23
      index: 0
  dataPorts:
  - outputs:
    - guid: 4624811eafb33c9479e05b6e48bd7f32
      index: 0
  isRoot: 0
  targetPosition: {x: 0, y: 0, z: 0}
  duration: 0.75
  curve:
    serializedVersion: 2
    m_Curve:
    - serializedVersion: 3
      time: 0
      value: 0
      inSlope: 2
      outSlope: 2
      tangentMode: 0
      weightedMode: 0
      inWeight: 0
      outWeight: 0
    - serializedVersion: 3
      time: 1
      value: 1
      inSlope: 0
      outSlope: 0
      tangentMode: 0
      weightedMode: 0
      inWeight: 0
      outWeight: 0
    m_PreInfinity: 2
    m_PostInfinity: 2
    m_RotationOrder: 4
--- !u!114 &2501003912628348408
MonoBehaviour:
  m_ObjectHideFlags: 0
  m_CorrespondingSourceObject: {fileID: 0}
  m_PrefabInstance: {fileID: 0}
  m_PrefabAsset: {fileID: 0}
  m_GameObject: {fileID: 0}
  m_Enabled: 1
  m_EditorHideFlags: 0
  m_Script: {fileID: 11500000, guid: 7457a52dbb978a741b9a4601428dd8e0, type: 3}
  m_Name: Project.SkillSystem.DestroyNode
  m_EditorClassIdentifier: 
  isExpanded: 1
  guid: c5c37188cb7a8a341951f2730f7f35c2
  position: {x: -1660.0868, y: 323.8086}
  executionPorts:
  - outputs: []
  dataPorts: []
  isRoot: 0
--- !u!114 &2799903215538481155
MonoBehaviour:
  m_ObjectHideFlags: 0
  m_CorrespondingSourceObject: {fileID: 0}
  m_PrefabInstance: {fileID: 0}
  m_PrefabAsset: {fileID: 0}
  m_GameObject: {fileID: 0}
  m_Enabled: 1
  m_EditorHideFlags: 0
  m_Script: {fileID: 11500000, guid: 1fc2963c89977b94d9cfb4397ee57b67, type: 3}
  m_Name: Project.SkillSystem.OutputNode
  m_EditorClassIdentifier: 
  isExpanded: 1
  guid: 58c0f900ff3085c45bcc34a502afc89e
  position: {x: -3.9999847, y: -11.188843}
  executionPorts:
  - outputs: []
  dataPorts: []
  isRoot: 0
  outputs: []
--- !u!114 &3390131476263771337
MonoBehaviour:
  m_ObjectHideFlags: 0
  m_CorrespondingSourceObject: {fileID: 0}
  m_PrefabInstance: {fileID: 0}
  m_PrefabAsset: {fileID: 0}
  m_GameObject: {fileID: 0}
  m_Enabled: 1
  m_EditorHideFlags: 0
  m_Script: {fileID: 11500000, guid: 469b661fd4c6b0f4983fd00b3f35d9cb, type: 3}
  m_Name: Project.SkillSystem.GetTransformInfo
  m_EditorClassIdentifier: 
  isExpanded: 0
  guid: 3d0706d70a4afa445a9724a478617ff9
  position: {x: -1685.99, y: 437.04987}
  executionPorts: []
  dataPorts:
  - outputs:
    - guid: ce8b0ddb60b0d834082fe727fb1d3123
      index: 0
  - outputs: []
  - outputs:
    - guid: ce8b0ddb60b0d834082fe727fb1d3123
      index: 1
  isRoot: 0
--- !u!114 &4466467715660866730
MonoBehaviour:
  m_ObjectHideFlags: 0
  m_CorrespondingSourceObject: {fileID: 0}
  m_PrefabInstance: {fileID: 0}
  m_PrefabAsset: {fileID: 0}
  m_GameObject: {fileID: 0}
  m_Enabled: 1
  m_EditorHideFlags: 0
  m_Script: {fileID: 11500000, guid: 21f30f47cf8df7b4396a31d08d29b812, type: 3}
  m_Name: Project.SkillSystem.InputPrefabNode
  m_EditorClassIdentifier: 
  isExpanded: 1
  guid: 310c26d926db2ce49845727e7aefdcd0
  position: {x: -2345.6355, y: 429.43472}
  executionPorts: []
  dataPorts:
  - outputs:
    - guid: c5c37188cb7a8a341951f2730f7f35c2
      index: 0
    - guid: 9048562a321ed6244870f3326f8100b0
      index: 0
    - guid: 64990b440cf99c24caea56d4b170c2fe
      index: 0
    - guid: 64990b440cf99c24caea56d4b170c2fe
      index: 1
    - guid: 64990b440cf99c24caea56d4b170c2fe
      index: 2
  isRoot: 0
  inputName: original
  value: {fileID: 0}
--- !u!114 &4628843685479163072
MonoBehaviour:
  m_ObjectHideFlags: 0
  m_CorrespondingSourceObject: {fileID: 0}
  m_PrefabInstance: {fileID: 0}
  m_PrefabAsset: {fileID: 0}
  m_GameObject: {fileID: 0}
  m_Enabled: 1
  m_EditorHideFlags: 0
  m_Script: {fileID: 11500000, guid: a127588da19ceec4ab1fd93fb384c923, type: 3}
  m_Name: Project.SkillSystem.SkillInfoNode
  m_EditorClassIdentifier: 
  isExpanded: 0
  guid: 61f4766672fdb714e9c0cbb35913dc74
  position: {x: 253.48055, y: 574.7298}
  executionPorts: []
  dataPorts:
  - outputs:
    - guid: 63cc1ba4c9ce0784488cd88fe544221c
      index: 2
  - outputs: []
  - outputs: []
  - outputs: []
  - outputs: []
  - outputs: []
  - outputs: []
  - outputs: []
  - outputs: []
  - outputs: []
  - outputs: []
  - outputs: []
  - outputs: []
  - outputs: []
  - outputs: []
  - outputs: []
  - outputs: []
  - outputs: []
  - outputs:
    - guid: 63cc1ba4c9ce0784488cd88fe544221c
      index: 1
  - outputs: []
  - outputs: []
  - outputs: []
  - outputs: []
  isRoot: 0
--- !u!114 &4751747016654500330
MonoBehaviour:
  m_ObjectHideFlags: 0
  m_CorrespondingSourceObject: {fileID: 0}
  m_PrefabInstance: {fileID: 0}
  m_PrefabAsset: {fileID: 0}
  m_GameObject: {fileID: 0}
  m_Enabled: 1
  m_EditorHideFlags: 0
  m_Script: {fileID: 11500000, guid: a908f8e0f6ea3d04cac97e531f95efaf, type: 3}
  m_Name: Project.SkillSystem.SpawnObjectNode
  m_EditorClassIdentifier: 
  isExpanded: 1
  guid: 64990b440cf99c24caea56d4b170c2fe
  position: {x: -1875.9901, y: 243.04984}
  executionPorts:
  - outputs:
    - guid: 8934d86264c268e4eac4405a3d031539
      index: 0
    - guid: c5c37188cb7a8a341951f2730f7f35c2
      index: 0
  dataPorts:
  - outputs:
    - guid: 3d0706d70a4afa445a9724a478617ff9
      index: 0
    - guid: 8934d86264c268e4eac4405a3d031539
      index: 0
  isRoot: 0
